% refs.bib is in earlier message; keeping focus on scripts/snippets
